@book{williams1981,
  title={Politics and Letters: Interviews with New Left Review},
  author={Williams, Raymond},
  year={1981},
  publisher={London: NLB and Verso},
  pages={154}
}

@article{bartneck2008,
  title={Measurement instruments for the anthropomorphism, Animacy, likeability, perceived intelligence, and perceived safety of robots},
  author={Bartneck, C. and Kulić, D. and Croft, E. and Zoghbi, S.},
  journal={International Journal of Social Robotics},
  volume={1},
  number={1},
  pages={71--81},
  year={2008},
  publisher={Springer},
  doi={10.1007/s12369-008-0001-3}
}

@article{breazeal2003,
  title={Emotion and sociable humanoid robots},
  author={Breazeal, C.},
  journal={International Journal of Human-Computer Studies},
  volume={59},
  number={1-2},
  pages={119--155},
  year={2003},
  publisher={Elsevier},
  doi={10.1016/s1071-5819(03)00018-1}
}

@article{tobis2022,
  title={Robots in Eldercare: How Does a Real-World Interaction with the Machine Influence the Perceptions of Older People?},
  author={Tobis, S. and Piasek, J. and Cylkowska-Nowak, M. and Suwalska, A.},
  journal={Sensors (Basel, Switzerland)},
  volume={22},
  number={5},
  pages={1717},
  year={2022},
  publisher={MDPI AG},
  doi={10.3390/s22051717}
}

@article{hawes2017,
  title={The strands project: Long-term autonomy in everyday environments},
  author={Hawes, N. and Burbridge, C. and Jovan, F. and Kunze, L. and Lacerda, B. and Mudrova, L. and Young, J. and Wyatt, J. and Hebesberger, D. and Kortner, T. and Ambrus, R. and Bore, N. and Folkesson, J. and Jensfelt, P. and Beyer, L. and Hermans, A. and Leibe, B. and Aldoma, A. and Faulhammer, T. and Hanheide, M.},
  journal={IEEE Robotics \& Automation Magazine},
  volume={24},
  number={3},
  pages={146--156},
  year={2017},
  doi={10.1109/mra.2016.2636359}
}

@inbook{langley1981,
  title={The Central Role of Learning in Cognition},
  author={Langley, P. and Simon, H. A.},
  editor={Anderson, J. R.},
  booktitle={Cognitive skills and their acquisition},
  pages={361--379},
  year={1981},
  publisher={Psychology Press}
}

@article{langley2016,
  title={The Central Role of Cognition in Learning},
  author={Langley, P.},
  journal={Advances in Cognitive Systems},
  volume={4},
  pages={3--12},
  year={2016}
}

@article{langley2017,
  title={Progress and challenges in research on cognitive architectures},
  author={Langley, P.},
  journal={Proceedings of the AAAI Conference on Artificial Intelligence},
  volume={31},
  number={1},
  year={2017},
  doi={10.1609/aaai.v31i1.11150}
}

@article{lim2020,
  title={Social robots on a global stage: Establishing a role for culture during human-robot interaction},
  author={Lim, V. and Rooksby, M. and Cross, E. S.},
  journal={International Journal of Social Robotics},
  volume={13},
  number={6},
  pages={1307–1333},
  year={2020},
  doi={10.31234/osf.io/be2p6}
}

@misc{lincoln2018,
  title={Robot at Lincoln Museum},
  author={Lincoln Centre for Autonomous Systems},
  year={2018},
  url={https://www.lincolnmuseum.com/robot-at-lincoln-museum}
}

@article{mansouri2022,
  title={A call for epistemic analysis of cultural theories for AI methods},
  author={Mansouri, M.},
  journal={AI \& SOCIETY},
  volume={38},
  number={2},
  pages={969--971},
  year={2022},
  doi={10.1007/s00146-022-01465-4}
}

@inproceedings{mutlu2006,
  title={A storytelling robot: Modeling and evaluation of human-like gaze behavior},
  author={Mutlu, B. and Forlizzi, J. and Hodgins, J.},
  booktitle={2006 6th IEEE-RAS International Conference on Humanoid Robots},
  year={2006},
  doi={10.1109/ichr.2006.321322}
}

@article{soriano2022,
  title={Robots and Robotics in Nursing},
  author={Soriano, G. P. and Yasuhara, Y. and Ito, H. and Matsumoto, K. and Osaka, K. and Kai, Y. and Locsin, R. and Schoenhofer, S. and Tanioka, T.},
  journal={Healthcare (Basel, Switzerland)},
  volume={10},
  number={8},
  pages={1571},
  year={2022},
  doi={10.3390/healthcare10081571}
}

@article{walters2009,
  title={Preferences and perceptions of robot appearance and embodiment in human-robot interaction studies},
  author={Walters, M. L. and Dautenhahn, K. and Boekhorst, R. T. and Koay, K. L.},
  journal={Interaction Studies},
  volume={10},
  number={3},
  pages={324--373},
  year={2009}
}

@article{buolamwini2018,
  title={Gender shades: Intersectional accuracy disparities in commercial gender classification},
  author={Buolamwini, J. and Gebru, T.},
  journal={Proceedings of Machine Learning Research},
  volume={81},
  pages={1--15},
  year={2018}
}

@article{cameron2021,
  title={Artificial Intelligence for a Reduction of False Denials in Refugee Claims},
  author={Cameron, H. E. and Goldfarb, A. and Morris, L.},
  journal={Journal of Refugee Studies},
  volume={35},
  number={1},
  pages={493--510},
  year={2021},
  url={https://doi.org/10.1093/jrs/feab054}
}

@article{gupta2021,
  title={Questioning Racial and Gender Bias in AI-based Recommendations: Do Espoused National Cultural Values Matter?},
  author={Gupta, M. and Parra, C. M. and Dennehy, D.},
  journal={Information Systems Frontiers},
  volume={24},
  number={5},
  year={2021},
  url={https://doi.org/10.1007/s10796-021-10156-2}
}

@article{hagendorff2020,
  title={The Ethics of AI Ethics: An Evaluation of Guidelines},
  author={Hagendorff, T.},
  journal={Minds and Machines},
  volume={30},
  number={1},
  pages={99--120},
  year={2020},
  url={https://doi.org/10.1007/s11023-020-09517-8}
}

@book{holliday2010,
  title={Intercultural communication: An advanced resource book},
  author={Holliday, A. and Kullman, J. and Hyde, M.},
  edition={2nd},
  publisher={Routledge},
  year={2010}
}

@misc{ibm2023,
  title={Exploring the risks and alternatives of ChatGPT: Paving a path to trustworthy AI},
  author={IBM},
  year={2023},
  howpublished={IBM Blog},
  url={https://www.ibm.com/blog/exploring-the-risks-and-alternatives-of-chatgpt-paving-a-path-to-trustworthy-ai/}
}

@misc{kantayya2020,
  title={Coded Bias},
  author={Kantayya, S.},
  year={2020},
  howpublished={7th Empire Media}
}

@article{kidd2023,
  title={How AI can distort human beliefs},
  author={Kidd, C. and Birhane, A.},
  journal={Science},
  volume={380},
  number={6651},
  pages={1222--1223},
  year={2023},
  url={https://doi.org/10.1126/science.adi0248}
}

@article{noriega2020,
  title={The application of artificial intelligence in police interrogations: An analysis addressing the proposed effect AI has on racial and gender bias, cooperation, and false confessions},
  author={Noriega, M.},
  journal={Futures},
  volume={117},
  pages={102510},
  year={2020},
  url={https://doi.org/10.1016/j.futures.2019.102510}
}

@article{prates2019,
  title={Assessing gender bias in machine translation: a case study with Google Translate},
  author={Prates, M. O. R. and Avelar, P. H. and Lamb, L. C.},
  journal={Neural Computing and Applications},
  volume={32},
  number={10},
  year={2019},
  url={https://doi.org/10.1007/s00521-019-04144-6}
}

@article{scheuerman2021,
  title={Auto-essentialization: Gender in automated facial analysis as extended colonial project},
  author={Scheuerman, M. K. and Pape, M. and Hanna, A.},
  journal={Big Data \& Society},
  volume={8},
  number={2},
  pages={205395172110537},
  year={2021},
  url={https://doi.org/10.1177/20539517211053712}
}

@incollection{terrio2019,
  title={Detention and deportation of minors in U.S. immigration custody},
  author={Terrio, S. J.},
  booktitle={Life by algorithms: How Roboprocesses Are Remaking Our World},
  editor={Besteman, C. and Gusterson, H.},
  pages={59--76},
  publisher={U of Chicago Press},
  year={2019}
}

@article{wach2023,
  title={The dark side of generative artificial intelligence: A critical analysis of controversies and risks of ChatGPT},
  author={Wach, K. and Duong Cong Doanh and Ejdys, J. and Rūta Kazlauskaitė and Pawel Korzynski and Mazurek, G. and Paliszkiewicz, J. and Ziemba, E.},
  journal={Entrepreneurial Business and Economics Review},
  volume={11},
  number={2},
  pages={7--30},
  year={2023},
  url={https://doi.org/10.15678/eber.2023.110201}
}

@misc{zinkula2023,
  title={ChatGPT may be coming for our jobs. Here are the 10 roles that AI is most likely to replace},
  author={Zinkula, A. M. and Jacob},
  year={2023},
  howpublished={Business Insider},
  url={https://www.businessinsider.com/chatgpt-jobs-at-risk-replacement-artificial-intelligence-ai-labor-trends-2023-02?r=US&IR=T}
}

@article{brandao2022,
  title={Editorial: Responsible Robotics},
  author={Brandão, M. and Mansouri, M. and Magnusson, M.},
  journal={Frontiers in Robotics and AI},
  volume={9},
  year={2022},
  url={https://doi.org/10.3389/frobt.2022.937612}
}

@book{williams1985,
  title={Keywords : a Vocabulary of Culture and Society},
  author={Williams, Raymond},
  year={1985},
  publisher={New York :Oxford University Press},
  chapter={1}
}